[gd_scene load_steps=2 format=3 uid="uid://moey0w3677td"]

[ext_resource type="Script" path="res://interfaces/menus/boot/multiplayer/profile_panel/profile_panel.gd" id="1_e3jmb"]

[node name="ProfilePanel" type="MarginContainer" node_paths=PackedStringArray("create_button", "delete_button", "save_button", "menu_button", "quit_button", "profile_name")]
anchors_preset = 15
anchor_right = 1.0
anchor_bottom = 1.0
grow_horizontal = 2
grow_vertical = 2
size_flags_horizontal = 3
size_flags_vertical = 3
theme_override_constants/margin_left = 20
theme_override_constants/margin_top = 20
theme_override_constants/margin_right = 20
theme_override_constants/margin_bottom = 20
script = ExtResource("1_e3jmb")
create_button = NodePath("HBoxContainer/LeftBox/Top/Create")
delete_button = NodePath("HBoxContainer/LeftBox/Top/Delete")
save_button = NodePath("HBoxContainer/LeftBox/Top/Save")
menu_button = NodePath("HBoxContainer/LeftBox/Bottom/Menu")
quit_button = NodePath("HBoxContainer/LeftBox/Bottom/Quit")
profile_name = NodePath("HBoxContainer/RightBox/ProfileName")

[node name="HBoxContainer" type="HBoxContainer" parent="."]
layout_mode = 2
theme_override_constants/separation = 20

[node name="LeftBox" type="VBoxContainer" parent="HBoxContainer"]
layout_mode = 2
size_flags_horizontal = 3
size_flags_stretch_ratio = 0.25

[node name="Top" type="VBoxContainer" parent="HBoxContainer/LeftBox"]
layout_mode = 2
size_flags_horizontal = 3
size_flags_stretch_ratio = 0.25

[node name="Create" type="Button" parent="HBoxContainer/LeftBox/Top"]
layout_mode = 2
disabled = true
text = "Create"

[node name="Delete" type="Button" parent="HBoxContainer/LeftBox/Top"]
layout_mode = 2
disabled = true
text = "Delete"

[node name="Save" type="Button" parent="HBoxContainer/LeftBox/Top"]
layout_mode = 2
text = "Save"

[node name="Bottom" type="VBoxContainer" parent="HBoxContainer/LeftBox"]
layout_mode = 2
size_flags_vertical = 10

[node name="Menu" type="Button" parent="HBoxContainer/LeftBox/Bottom"]
layout_mode = 2
size_flags_horizontal = 3
text = "Main Menu
"

[node name="Quit" type="Button" parent="HBoxContainer/LeftBox/Bottom"]
layout_mode = 2
size_flags_horizontal = 3
text = "Quit"

[node name="RightBox" type="VBoxContainer" parent="HBoxContainer"]
layout_mode = 2
size_flags_horizontal = 3

[node name="Label" type="Label" parent="HBoxContainer/RightBox"]
layout_mode = 2
text = "Current Profile:"

[node name="ProfileName" type="LineEdit" parent="HBoxContainer/RightBox"]
layout_mode = 2
size_flags_horizontal = 3
text = "Newblood"
