[gd_scene load_steps=22 format=3 uid="uid://cvu66n4bm10w3"]

[ext_resource type="Script" path="res://interfaces/menus/boot/settings/scripts/ui_scale.gd" id="1_b2atp"]
[ext_resource type="Script" path="res://interfaces/menus/boot/settings/settings_panel_container.gd" id="1_c6l0i"]
[ext_resource type="Script" path="res://interfaces/menus/boot/settings/scripts/mouse_sensitivity.gd" id="2_xrhb7"]
[ext_resource type="Script" path="res://interfaces/menus/boot/settings/scripts/fov.gd" id="3_eemxr"]
[ext_resource type="Script" path="res://interfaces/menus/boot/settings/scripts/quality.gd" id="4_n2pno"]
[ext_resource type="Script" path="res://interfaces/menus/boot/settings/scripts/filters.gd" id="5_v6h66"]
[ext_resource type="Script" path="res://interfaces/menus/boot/settings/scripts/fsr_sharpness.gd" id="6_ahtl5"]
[ext_resource type="Script" path="res://interfaces/menus/boot/settings/scripts/window_mode.gd" id="7_rfyne"]
[ext_resource type="Script" path="res://interfaces/menus/boot/settings/scripts/vsync.gd" id="8_tdbn8"]
[ext_resource type="Script" path="res://interfaces/menus/boot/settings/scripts/taa.gd" id="9_ogr52"]
[ext_resource type="Script" path="res://interfaces/menus/boot/settings/scripts/msaa.gd" id="10_hsx6v"]
[ext_resource type="Script" path="res://interfaces/menus/boot/settings/scripts/fxaa.gd" id="11_qd7o2"]
[ext_resource type="Script" path="res://interfaces/menus/boot/settings/scripts/shadow_size.gd" id="12_53fxd"]
[ext_resource type="Script" path="res://interfaces/menus/boot/settings/scripts/shadow_filter.gd" id="13_tast2"]
[ext_resource type="Script" path="res://interfaces/menus/boot/settings/scripts/mesh_lod.gd" id="14_gekxq"]
[ext_resource type="Script" path="res://interfaces/menus/boot/settings/scripts/sdfgi.gd" id="15_yf3v0"]
[ext_resource type="Script" path="res://interfaces/menus/boot/settings/scripts/glow.gd" id="16_pq7lj"]
[ext_resource type="Script" path="res://interfaces/menus/boot/settings/scripts/ssao.gd" id="17_xi4oy"]
[ext_resource type="Script" path="res://interfaces/menus/boot/settings/scripts/ssr.gd" id="18_dprjc"]
[ext_resource type="Script" path="res://interfaces/menus/boot/settings/scripts/ssil.gd" id="19_myuy8"]
[ext_resource type="Script" path="res://interfaces/menus/boot/settings/scripts/volumetric_fog.gd" id="20_wf7u8"]

[node name="SettingsPanelContainer" type="PanelContainer"]
anchors_preset = 15
anchor_right = 1.0
anchor_bottom = 1.0
grow_horizontal = 2
grow_vertical = 2
size_flags_horizontal = 3
script = ExtResource("1_c6l0i")

[node name="VBoxContainer" type="VBoxContainer" parent="."]
layout_mode = 2

[node name="ScrollContainer" type="ScrollContainer" parent="VBoxContainer"]
custom_minimum_size = Vector2(480, 0)
layout_mode = 2
size_flags_vertical = 3

[node name="MarginContainer" type="MarginContainer" parent="VBoxContainer/ScrollContainer"]
layout_mode = 2
size_flags_horizontal = 3
theme_override_constants/margin_left = 15
theme_override_constants/margin_top = 20
theme_override_constants/margin_right = 15
theme_override_constants/margin_bottom = 20

[node name="VBoxContainer" type="VBoxContainer" parent="VBoxContainer/ScrollContainer/MarginContainer"]
layout_mode = 2
size_flags_horizontal = 3
size_flags_vertical = 3
theme_override_constants/separation = 10

[node name="PresetSection" type="Label" parent="VBoxContainer/ScrollContainer/MarginContainer/VBoxContainer"]
layout_mode = 2
theme_override_colors/font_color = Color(0.682353, 0.917647, 1, 1)
text = "Presets"
horizontal_alignment = 1

[node name="Presets" type="HBoxContainer" parent="VBoxContainer/ScrollContainer/MarginContainer/VBoxContainer"]
layout_mode = 2

[node name="VeryLowPreset" type="Button" parent="VBoxContainer/ScrollContainer/MarginContainer/VBoxContainer/Presets"]
layout_mode = 2
size_flags_horizontal = 3
text = "Very Low"

[node name="LowPreset" type="Button" parent="VBoxContainer/ScrollContainer/MarginContainer/VBoxContainer/Presets"]
layout_mode = 2
size_flags_horizontal = 3
text = "Low"

[node name="MediumPreset" type="Button" parent="VBoxContainer/ScrollContainer/MarginContainer/VBoxContainer/Presets"]
layout_mode = 2
size_flags_horizontal = 3
text = "Medium"

[node name="HighPreset" type="Button" parent="VBoxContainer/ScrollContainer/MarginContainer/VBoxContainer/Presets"]
layout_mode = 2
size_flags_horizontal = 3
text = "High"

[node name="UltraPreset" type="Button" parent="VBoxContainer/ScrollContainer/MarginContainer/VBoxContainer/Presets"]
layout_mode = 2
size_flags_horizontal = 3
text = "Ultra"

[node name="HSeparator" type="HSeparator" parent="VBoxContainer/ScrollContainer/MarginContainer/VBoxContainer"]
layout_mode = 2

[node name="UISection" type="Label" parent="VBoxContainer/ScrollContainer/MarginContainer/VBoxContainer"]
layout_mode = 2
theme_override_colors/font_color = Color(0.683425, 0.916893, 1, 1)
text = "User Interface Settings"
horizontal_alignment = 1

[node name="UIGridContainer" type="GridContainer" parent="VBoxContainer/ScrollContainer/MarginContainer/VBoxContainer"]
layout_mode = 2
size_flags_horizontal = 3
size_flags_vertical = 3
columns = 2

[node name="UIScaleLabel" type="Label" parent="VBoxContainer/ScrollContainer/MarginContainer/VBoxContainer/UIGridContainer"]
layout_mode = 2
size_flags_horizontal = 3
theme_override_font_sizes/font_size = 16
text = "UI Scale:"

[node name="UIScaleOptionButton" type="OptionButton" parent="VBoxContainer/ScrollContainer/MarginContainer/VBoxContainer/UIGridContainer"]
layout_mode = 2
size_flags_horizontal = 3
theme_override_font_sizes/font_size = 16
item_count = 5
selected = 2
popup/item_0/text = "Smaller (66%)"
popup/item_0/id = 0
popup/item_1/text = "Small (80%)"
popup/item_1/id = 1
popup/item_2/text = "Medium (100%)"
popup/item_2/id = 2
popup/item_3/text = "Large (133%)"
popup/item_3/id = 3
popup/item_4/text = "Larger (200%)"
popup/item_4/id = 4
script = ExtResource("1_b2atp")

[node name="ControlsSection" type="Label" parent="VBoxContainer/ScrollContainer/MarginContainer/VBoxContainer"]
layout_mode = 2
theme_override_colors/font_color = Color(0.683425, 0.916893, 1, 1)
text = "Controls Settings"
horizontal_alignment = 1

[node name="ControlsGridContainer" type="GridContainer" parent="VBoxContainer/ScrollContainer/MarginContainer/VBoxContainer"]
layout_mode = 2
columns = 2

[node name="SensitivityLabel" type="Label" parent="VBoxContainer/ScrollContainer/MarginContainer/VBoxContainer/ControlsGridContainer"]
layout_mode = 2
size_flags_horizontal = 3
text = "Mouse sensitivity"

[node name="SensitivityControls" type="HBoxContainer" parent="VBoxContainer/ScrollContainer/MarginContainer/VBoxContainer/ControlsGridContainer"]
layout_mode = 2
size_flags_horizontal = 3
script = ExtResource("2_xrhb7")

[node name="SpinBox" type="SpinBox" parent="VBoxContainer/ScrollContainer/MarginContainer/VBoxContainer/ControlsGridContainer/SensitivityControls"]
layout_mode = 2

[node name="Slider" type="HSlider" parent="VBoxContainer/ScrollContainer/MarginContainer/VBoxContainer/ControlsGridContainer/SensitivityControls"]
layout_mode = 2
size_flags_horizontal = 3
size_flags_vertical = 4

[node name="InvertedYLabel" type="Label" parent="VBoxContainer/ScrollContainer/MarginContainer/VBoxContainer/ControlsGridContainer"]
layout_mode = 2
size_flags_horizontal = 3
text = "Inverted Y"

[node name="InvertedYCheckbox" type="CheckBox" parent="VBoxContainer/ScrollContainer/MarginContainer/VBoxContainer/ControlsGridContainer"]
unique_name_in_owner = true
layout_mode = 2
size_flags_horizontal = 0

[node name="ViewportSection" type="Label" parent="VBoxContainer/ScrollContainer/MarginContainer/VBoxContainer"]
layout_mode = 2
theme_override_colors/font_color = Color(0.683425, 0.916893, 1, 1)
text = "Video Settings"
horizontal_alignment = 1

[node name="ViewportGridContainer" type="GridContainer" parent="VBoxContainer/ScrollContainer/MarginContainer/VBoxContainer"]
layout_mode = 2
columns = 2

[node name="FOVLabel" type="Label" parent="VBoxContainer/ScrollContainer/MarginContainer/VBoxContainer/ViewportGridContainer"]
layout_mode = 2
size_flags_horizontal = 3
theme_override_font_sizes/font_size = 16
text = "Field of View:"

[node name="FOVControls" type="HBoxContainer" parent="VBoxContainer/ScrollContainer/MarginContainer/VBoxContainer/ViewportGridContainer"]
unique_name_in_owner = true
layout_mode = 2
script = ExtResource("3_eemxr")

[node name="SpinBox" type="SpinBox" parent="VBoxContainer/ScrollContainer/MarginContainer/VBoxContainer/ViewportGridContainer/FOVControls"]
layout_mode = 2
min_value = 70.0
max_value = 150.0
value = 90.0

[node name="Slider" type="HSlider" parent="VBoxContainer/ScrollContainer/MarginContainer/VBoxContainer/ViewportGridContainer/FOVControls"]
layout_mode = 2
size_flags_horizontal = 3
size_flags_vertical = 4
min_value = 70.0
max_value = 150.0
value = 90.0

[node name="QualityLabel" type="Label" parent="VBoxContainer/ScrollContainer/MarginContainer/VBoxContainer/ViewportGridContainer"]
layout_mode = 2
size_flags_horizontal = 3
theme_override_font_sizes/font_size = 16
text = "Resolution Scale:"

[node name="QualityControls" type="HBoxContainer" parent="VBoxContainer/ScrollContainer/MarginContainer/VBoxContainer/ViewportGridContainer"]
unique_name_in_owner = true
layout_mode = 2
script = ExtResource("4_n2pno")

[node name="SpinBox" type="SpinBox" parent="VBoxContainer/ScrollContainer/MarginContainer/VBoxContainer/ViewportGridContainer/QualityControls"]
layout_mode = 2

[node name="Slider" type="HSlider" parent="VBoxContainer/ScrollContainer/MarginContainer/VBoxContainer/ViewportGridContainer/QualityControls"]
layout_mode = 2
size_flags_horizontal = 3
size_flags_vertical = 4

[node name="FilterLabel" type="Label" parent="VBoxContainer/ScrollContainer/MarginContainer/VBoxContainer/ViewportGridContainer"]
layout_mode = 2
size_flags_horizontal = 3
theme_override_font_sizes/font_size = 16
text = "Display Filter:"

[node name="FilterOptionButton" type="OptionButton" parent="VBoxContainer/ScrollContainer/MarginContainer/VBoxContainer/ViewportGridContainer"]
layout_mode = 2
size_flags_horizontal = 3
theme_override_font_sizes/font_size = 16
item_count = 2
selected = 0
popup/item_0/text = "Bilinear (Fastest)"
popup/item_0/id = 0
popup/item_1/text = "FSR 1.0 (Fast)"
popup/item_1/id = 1
script = ExtResource("5_v6h66")

[node name="FSRSharpnessLabel" type="Label" parent="VBoxContainer/ScrollContainer/MarginContainer/VBoxContainer/ViewportGridContainer"]
unique_name_in_owner = true
layout_mode = 2
size_flags_horizontal = 3
theme_override_font_sizes/font_size = 16
text = "FSR Sharpness:"

[node name="FSRSharpnessSlider" type="HSlider" parent="VBoxContainer/ScrollContainer/MarginContainer/VBoxContainer/ViewportGridContainer"]
unique_name_in_owner = true
layout_mode = 2
size_flags_horizontal = 3
size_flags_vertical = 1
max_value = 2.0
step = 0.2
script = ExtResource("6_ahtl5")

[node name="WindowModeLabel" type="Label" parent="VBoxContainer/ScrollContainer/MarginContainer/VBoxContainer/ViewportGridContainer"]
layout_mode = 2
size_flags_horizontal = 3
theme_override_font_sizes/font_size = 16
text = "Window Mode:"

[node name="WindowModeOptionButton" type="OptionButton" parent="VBoxContainer/ScrollContainer/MarginContainer/VBoxContainer/ViewportGridContainer"]
layout_mode = 2
size_flags_horizontal = 3
theme_override_font_sizes/font_size = 16
item_count = 3
selected = 2
popup/item_0/text = "Windowed"
popup/item_0/id = 0
popup/item_1/text = "Fullscreen"
popup/item_1/id = 1
popup/item_2/text = "Exclusive Fullscreen"
popup/item_2/id = 2
script = ExtResource("7_rfyne")

[node name="VsyncLabel" type="Label" parent="VBoxContainer/ScrollContainer/MarginContainer/VBoxContainer/ViewportGridContainer"]
layout_mode = 2
size_flags_horizontal = 3
theme_override_font_sizes/font_size = 16
text = "V-Sync:"

[node name="VsyncOptionButton" type="OptionButton" parent="VBoxContainer/ScrollContainer/MarginContainer/VBoxContainer/ViewportGridContainer"]
layout_mode = 2
size_flags_horizontal = 3
theme_override_font_sizes/font_size = 16
item_count = 3
selected = 0
popup/item_0/text = "Disabled"
popup/item_0/id = 0
popup/item_1/text = "Adaptive"
popup/item_1/id = 1
popup/item_2/text = "Enabled"
popup/item_2/id = 2
script = ExtResource("8_tdbn8")

[node name="TAALabel" type="Label" parent="VBoxContainer/ScrollContainer/MarginContainer/VBoxContainer/ViewportGridContainer"]
visible = false
layout_mode = 2
size_flags_horizontal = 3
theme_override_font_sizes/font_size = 16
text = "Anti-Aliasing (TAA):"

[node name="TAAOptionButton" type="OptionButton" parent="VBoxContainer/ScrollContainer/MarginContainer/VBoxContainer/ViewportGridContainer"]
unique_name_in_owner = true
visible = false
layout_mode = 2
size_flags_horizontal = 3
theme_override_font_sizes/font_size = 16
item_count = 2
selected = 0
popup/item_0/text = "Disabled (Fastest)"
popup/item_0/id = 0
popup/item_1/text = "Enabled (Average)"
popup/item_1/id = 1
script = ExtResource("9_ogr52")

[node name="MSAALabel" type="Label" parent="VBoxContainer/ScrollContainer/MarginContainer/VBoxContainer/ViewportGridContainer"]
layout_mode = 2
size_flags_horizontal = 3
theme_override_font_sizes/font_size = 16
text = "Anti-Aliasing (MSAA):"

[node name="MSAAOptionButton" type="OptionButton" parent="VBoxContainer/ScrollContainer/MarginContainer/VBoxContainer/ViewportGridContainer"]
unique_name_in_owner = true
layout_mode = 2
size_flags_horizontal = 3
theme_override_font_sizes/font_size = 16
item_count = 4
selected = 0
popup/item_0/text = "Disabled (Fastest)"
popup/item_0/id = 0
popup/item_1/text = "2× (Average)"
popup/item_1/id = 1
popup/item_2/text = "4× (Slow)"
popup/item_2/id = 2
popup/item_3/text = "8× (Slower)"
popup/item_3/id = 3
script = ExtResource("10_hsx6v")

[node name="FXAALabel" type="Label" parent="VBoxContainer/ScrollContainer/MarginContainer/VBoxContainer/ViewportGridContainer"]
layout_mode = 2
size_flags_horizontal = 3
theme_override_font_sizes/font_size = 16
text = "Anti-Aliasing (FXAA):"

[node name="FXAAOptionButton" type="OptionButton" parent="VBoxContainer/ScrollContainer/MarginContainer/VBoxContainer/ViewportGridContainer"]
unique_name_in_owner = true
layout_mode = 2
size_flags_horizontal = 3
theme_override_font_sizes/font_size = 16
item_count = 2
selected = 0
popup/item_0/text = "Disabled (Fastest)"
popup/item_0/id = 0
popup/item_1/text = "Enabled (Fast)"
popup/item_1/id = 1
script = ExtResource("11_qd7o2")

[node name="QualitySection" type="Label" parent="VBoxContainer/ScrollContainer/MarginContainer/VBoxContainer"]
layout_mode = 2
theme_override_colors/font_color = Color(0.683425, 0.916893, 1, 1)
text = "Quality Settings"
horizontal_alignment = 1

[node name="QualityGridContainer" type="GridContainer" parent="VBoxContainer/ScrollContainer/MarginContainer/VBoxContainer"]
layout_mode = 2
columns = 2

[node name="ShadowSizeLabel" type="Label" parent="VBoxContainer/ScrollContainer/MarginContainer/VBoxContainer/QualityGridContainer"]
layout_mode = 2
size_flags_horizontal = 3
theme_override_font_sizes/font_size = 16
text = "Shadow Resolution:"

[node name="ShadowSizeOptionButton" type="OptionButton" parent="VBoxContainer/ScrollContainer/MarginContainer/VBoxContainer/QualityGridContainer"]
unique_name_in_owner = true
layout_mode = 2
size_flags_horizontal = 3
theme_override_font_sizes/font_size = 16
item_count = 6
selected = 3
popup/item_0/text = "Minimum (Fastest)"
popup/item_0/id = 0
popup/item_1/text = "Very Low (Faster)"
popup/item_1/id = 1
popup/item_2/text = "Low (Fast)"
popup/item_2/id = 2
popup/item_3/text = "Medium (Average)"
popup/item_3/id = 3
popup/item_4/text = "High (Slow)"
popup/item_4/id = 4
popup/item_5/text = "Ultra (Slowest)"
popup/item_5/id = 5
script = ExtResource("12_53fxd")

[node name="ShadowFilterLabel" type="Label" parent="VBoxContainer/ScrollContainer/MarginContainer/VBoxContainer/QualityGridContainer"]
layout_mode = 2
size_flags_horizontal = 3
theme_override_font_sizes/font_size = 16
text = "Shadow Filtering:"

[node name="ShadowFilterOptionButton" type="OptionButton" parent="VBoxContainer/ScrollContainer/MarginContainer/VBoxContainer/QualityGridContainer"]
unique_name_in_owner = true
layout_mode = 2
size_flags_horizontal = 3
theme_override_font_sizes/font_size = 16
item_count = 6
selected = 2
popup/item_0/text = "Very Low (Fastest)"
popup/item_0/id = 0
popup/item_1/text = "Low (Faster)"
popup/item_1/id = 1
popup/item_2/text = "Medium (Fast)"
popup/item_2/id = 2
popup/item_3/text = "High (Average)"
popup/item_3/id = 3
popup/item_4/text = "Very High (Slow)"
popup/item_4/id = 4
popup/item_5/text = "Ultra (Slower)"
popup/item_5/id = 5
script = ExtResource("13_tast2")

[node name="MeshLODLabel" type="Label" parent="VBoxContainer/ScrollContainer/MarginContainer/VBoxContainer/QualityGridContainer"]
layout_mode = 2
size_flags_horizontal = 3
theme_override_font_sizes/font_size = 16
text = "Model Quality:"

[node name="MeshLODOptionButton" type="OptionButton" parent="VBoxContainer/ScrollContainer/MarginContainer/VBoxContainer/QualityGridContainer"]
unique_name_in_owner = true
layout_mode = 2
size_flags_horizontal = 3
theme_override_font_sizes/font_size = 16
item_count = 4
selected = 2
popup/item_0/text = "Low (Faster)"
popup/item_0/id = 0
popup/item_1/text = "Medium (Fast)"
popup/item_1/id = 1
popup/item_2/text = "High (Average)"
popup/item_2/id = 2
popup/item_3/text = "Ultra (Slow)"
popup/item_3/id = 3
script = ExtResource("14_gekxq")

[node name="EnvironmentSection" type="Label" parent="VBoxContainer/ScrollContainer/MarginContainer/VBoxContainer"]
layout_mode = 2
theme_override_colors/font_color = Color(0.683425, 0.916893, 1, 1)
text = "Effect Settings"
horizontal_alignment = 1

[node name="EnvironmentGridContainer" type="GridContainer" parent="VBoxContainer/ScrollContainer/MarginContainer/VBoxContainer"]
layout_mode = 2
columns = 2

[node name="SDFGILabel" type="Label" parent="VBoxContainer/ScrollContainer/MarginContainer/VBoxContainer/EnvironmentGridContainer"]
layout_mode = 2
size_flags_horizontal = 3
theme_override_font_sizes/font_size = 16
text = "Global Illumination:"

[node name="SDFGIOptionButton" type="OptionButton" parent="VBoxContainer/ScrollContainer/MarginContainer/VBoxContainer/EnvironmentGridContainer"]
unique_name_in_owner = true
layout_mode = 2
size_flags_horizontal = 3
theme_override_font_sizes/font_size = 16
item_count = 3
selected = 0
popup/item_0/text = "Disabled (Fastest)"
popup/item_0/id = 0
popup/item_1/text = "Low (Average)"
popup/item_1/id = 1
popup/item_2/text = "High (Slow)"
popup/item_2/id = 2
script = ExtResource("15_yf3v0")

[node name="GlowLabel" type="Label" parent="VBoxContainer/ScrollContainer/MarginContainer/VBoxContainer/EnvironmentGridContainer"]
layout_mode = 2
size_flags_horizontal = 3
theme_override_font_sizes/font_size = 16
text = "Bloom:"

[node name="GlowOptionButton" type="OptionButton" parent="VBoxContainer/ScrollContainer/MarginContainer/VBoxContainer/EnvironmentGridContainer"]
unique_name_in_owner = true
layout_mode = 2
size_flags_horizontal = 3
theme_override_font_sizes/font_size = 16
item_count = 3
selected = 0
popup/item_0/text = "Disabled (Fastest)"
popup/item_0/id = 0
popup/item_1/text = "Low (Fast)"
popup/item_1/id = 1
popup/item_2/text = "High (Average)"
popup/item_2/id = 2
script = ExtResource("16_pq7lj")

[node name="SSAOLabel" type="Label" parent="VBoxContainer/ScrollContainer/MarginContainer/VBoxContainer/EnvironmentGridContainer"]
layout_mode = 2
size_flags_horizontal = 3
theme_override_font_sizes/font_size = 16
text = "Ambient Occlusion:"

[node name="SSAOOptionButton" type="OptionButton" parent="VBoxContainer/ScrollContainer/MarginContainer/VBoxContainer/EnvironmentGridContainer"]
unique_name_in_owner = true
layout_mode = 2
size_flags_horizontal = 3
theme_override_font_sizes/font_size = 16
item_count = 5
selected = 0
popup/item_0/text = "Disabled (Fastest)"
popup/item_0/id = 0
popup/item_1/text = "Very Low (Fast)"
popup/item_1/id = 1
popup/item_2/text = "Low (Fast)"
popup/item_2/id = 2
popup/item_3/text = "Medium (Average)"
popup/item_3/id = 3
popup/item_4/text = "High (Slow)"
popup/item_4/id = 4
script = ExtResource("17_xi4oy")

[node name="SSReflectionsLabel" type="Label" parent="VBoxContainer/ScrollContainer/MarginContainer/VBoxContainer/EnvironmentGridContainer"]
layout_mode = 2
size_flags_horizontal = 3
theme_override_font_sizes/font_size = 14
text = "Screen-Space Reflections:"

[node name="SSReflectionsOptionButton" type="OptionButton" parent="VBoxContainer/ScrollContainer/MarginContainer/VBoxContainer/EnvironmentGridContainer"]
unique_name_in_owner = true
layout_mode = 2
size_flags_horizontal = 3
theme_override_font_sizes/font_size = 16
item_count = 4
selected = 0
popup/item_0/text = "Disabled (Fastest)"
popup/item_0/id = 0
popup/item_1/text = "Low (Average)"
popup/item_1/id = 1
popup/item_2/text = "Medium (Slow)"
popup/item_2/id = 2
popup/item_3/text = "High (Slower)"
popup/item_3/id = 3
script = ExtResource("18_dprjc")

[node name="SSILLabel" type="Label" parent="VBoxContainer/ScrollContainer/MarginContainer/VBoxContainer/EnvironmentGridContainer"]
layout_mode = 2
size_flags_horizontal = 3
theme_override_font_sizes/font_size = 16
text = "Screen-Space Lighting:"

[node name="SSILOptionButton" type="OptionButton" parent="VBoxContainer/ScrollContainer/MarginContainer/VBoxContainer/EnvironmentGridContainer"]
unique_name_in_owner = true
layout_mode = 2
size_flags_horizontal = 3
theme_override_font_sizes/font_size = 16
item_count = 5
selected = 0
popup/item_0/text = "Disabled (Fastest)"
popup/item_0/id = 0
popup/item_1/text = "Very Low (Fast)"
popup/item_1/id = 1
popup/item_2/text = "Low (Average)"
popup/item_2/id = 2
popup/item_3/text = "Medium (Slow)"
popup/item_3/id = 3
popup/item_4/text = "High (Slower)"
popup/item_4/id = 4
script = ExtResource("19_myuy8")

[node name="VolumetricFogLabel" type="Label" parent="VBoxContainer/ScrollContainer/MarginContainer/VBoxContainer/EnvironmentGridContainer"]
layout_mode = 2
size_flags_horizontal = 3
theme_override_font_sizes/font_size = 16
text = "Volumetric Fog:"

[node name="VolumetricFogOptionButton" type="OptionButton" parent="VBoxContainer/ScrollContainer/MarginContainer/VBoxContainer/EnvironmentGridContainer"]
unique_name_in_owner = true
layout_mode = 2
size_flags_horizontal = 3
theme_override_font_sizes/font_size = 16
item_count = 3
selected = 0
popup/item_0/text = "Disabled (Fastest)"
popup/item_0/id = 0
popup/item_1/text = "Low (Fast)"
popup/item_1/id = 1
popup/item_2/text = "High (Average)"
popup/item_2/id = 2
script = ExtResource("20_wf7u8")

[node name="AdjustmentSection" type="Label" parent="VBoxContainer/ScrollContainer/MarginContainer/VBoxContainer"]
visible = false
layout_mode = 2
theme_override_colors/font_color = Color(0.683425, 0.916893, 1, 1)
text = "Adjustments"
horizontal_alignment = 1

[node name="AdjustmentsGridContainer" type="GridContainer" parent="VBoxContainer/ScrollContainer/MarginContainer/VBoxContainer"]
visible = false
layout_mode = 2
columns = 2

[node name="BrightnessLabel" type="Label" parent="VBoxContainer/ScrollContainer/MarginContainer/VBoxContainer/AdjustmentsGridContainer"]
layout_mode = 2
size_flags_horizontal = 3
theme_override_font_sizes/font_size = 16
text = "Brightness:"

[node name="BrightnessSlider" type="HSlider" parent="VBoxContainer/ScrollContainer/MarginContainer/VBoxContainer/AdjustmentsGridContainer"]
layout_mode = 2
size_flags_horizontal = 3
size_flags_vertical = 1
min_value = 0.5
max_value = 2.0
step = 0.01
value = 1.0

[node name="ContrastLabel" type="Label" parent="VBoxContainer/ScrollContainer/MarginContainer/VBoxContainer/AdjustmentsGridContainer"]
layout_mode = 2
size_flags_horizontal = 3
theme_override_font_sizes/font_size = 16
text = "Contrast:"

[node name="ContrastSlider" type="HSlider" parent="VBoxContainer/ScrollContainer/MarginContainer/VBoxContainer/AdjustmentsGridContainer"]
layout_mode = 2
size_flags_horizontal = 3
size_flags_vertical = 1
min_value = 0.5
max_value = 2.0
step = 0.01
value = 1.0

[node name="SaturationLabel" type="Label" parent="VBoxContainer/ScrollContainer/MarginContainer/VBoxContainer/AdjustmentsGridContainer"]
layout_mode = 2
size_flags_horizontal = 3
theme_override_font_sizes/font_size = 16
text = "Saturation:"

[node name="SaturationSlider" type="HSlider" parent="VBoxContainer/ScrollContainer/MarginContainer/VBoxContainer/AdjustmentsGridContainer"]
layout_mode = 2
size_flags_horizontal = 3
size_flags_vertical = 1
min_value = 0.01
max_value = 2.0
step = 0.01
value = 1.0

[node name="MarginContainer" type="MarginContainer" parent="VBoxContainer"]
layout_mode = 2
size_flags_horizontal = 3
theme_override_constants/margin_left = 15
theme_override_constants/margin_top = 10
theme_override_constants/margin_right = 23
theme_override_constants/margin_bottom = 15

[node name="Buttons" type="HBoxContainer" parent="VBoxContainer/MarginContainer"]
layout_mode = 2

[node name="Save" type="Button" parent="VBoxContainer/MarginContainer/Buttons"]
layout_mode = 2
size_flags_horizontal = 3
text = "Save"

[node name="Reset" type="Button" parent="VBoxContainer/MarginContainer/Buttons"]
layout_mode = 2
size_flags_horizontal = 3
text = "Reset"

[node name="Close" type="Button" parent="VBoxContainer/MarginContainer/Buttons"]
layout_mode = 2
size_flags_horizontal = 3
text = "Close"

[connection signal="pressed" from="VBoxContainer/ScrollContainer/MarginContainer/VBoxContainer/Presets/VeryLowPreset" to="." method="_on_very_low_preset_pressed"]
[connection signal="pressed" from="VBoxContainer/ScrollContainer/MarginContainer/VBoxContainer/Presets/LowPreset" to="." method="_on_low_preset_pressed"]
[connection signal="pressed" from="VBoxContainer/ScrollContainer/MarginContainer/VBoxContainer/Presets/MediumPreset" to="." method="_on_medium_preset_pressed"]
[connection signal="pressed" from="VBoxContainer/ScrollContainer/MarginContainer/VBoxContainer/Presets/HighPreset" to="." method="_on_high_preset_pressed"]
[connection signal="pressed" from="VBoxContainer/ScrollContainer/MarginContainer/VBoxContainer/Presets/UltraPreset" to="." method="_on_ultra_preset_pressed"]
[connection signal="item_selected" from="VBoxContainer/ScrollContainer/MarginContainer/VBoxContainer/UIGridContainer/UIScaleOptionButton" to="VBoxContainer/ScrollContainer/MarginContainer/VBoxContainer/UIGridContainer/UIScaleOptionButton" method="_on_item_selected"]
[connection signal="value_changed" from="VBoxContainer/ScrollContainer/MarginContainer/VBoxContainer/ControlsGridContainer/SensitivityControls/SpinBox" to="VBoxContainer/ScrollContainer/MarginContainer/VBoxContainer/ControlsGridContainer/SensitivityControls" method="_on_spin_box_value_changed"]
[connection signal="value_changed" from="VBoxContainer/ScrollContainer/MarginContainer/VBoxContainer/ControlsGridContainer/SensitivityControls/Slider" to="VBoxContainer/ScrollContainer/MarginContainer/VBoxContainer/ControlsGridContainer/SensitivityControls" method="_on_slider_value_changed"]
[connection signal="value_changed" from="VBoxContainer/ScrollContainer/MarginContainer/VBoxContainer/ViewportGridContainer/FOVControls/SpinBox" to="VBoxContainer/ScrollContainer/MarginContainer/VBoxContainer/ViewportGridContainer/FOVControls" method="_on_spin_box_value_changed"]
[connection signal="value_changed" from="VBoxContainer/ScrollContainer/MarginContainer/VBoxContainer/ViewportGridContainer/FOVControls/Slider" to="VBoxContainer/ScrollContainer/MarginContainer/VBoxContainer/ViewportGridContainer/FOVControls" method="_on_slider_value_changed"]
[connection signal="value_changed" from="VBoxContainer/ScrollContainer/MarginContainer/VBoxContainer/ViewportGridContainer/QualityControls/SpinBox" to="VBoxContainer/ScrollContainer/MarginContainer/VBoxContainer/ViewportGridContainer/QualityControls" method="_on_spin_box_value_changed"]
[connection signal="value_changed" from="VBoxContainer/ScrollContainer/MarginContainer/VBoxContainer/ViewportGridContainer/QualityControls/Slider" to="VBoxContainer/ScrollContainer/MarginContainer/VBoxContainer/ViewportGridContainer/QualityControls" method="_on_slider_value_changed"]
[connection signal="item_selected" from="VBoxContainer/ScrollContainer/MarginContainer/VBoxContainer/ViewportGridContainer/FilterOptionButton" to="VBoxContainer/ScrollContainer/MarginContainer/VBoxContainer/ViewportGridContainer/FilterOptionButton" method="_on_item_selected"]
[connection signal="value_changed" from="VBoxContainer/ScrollContainer/MarginContainer/VBoxContainer/ViewportGridContainer/FSRSharpnessSlider" to="VBoxContainer/ScrollContainer/MarginContainer/VBoxContainer/ViewportGridContainer/FSRSharpnessSlider" method="_on_value_changed"]
[connection signal="item_selected" from="VBoxContainer/ScrollContainer/MarginContainer/VBoxContainer/ViewportGridContainer/WindowModeOptionButton" to="VBoxContainer/ScrollContainer/MarginContainer/VBoxContainer/ViewportGridContainer/WindowModeOptionButton" method="_on_item_selected"]
[connection signal="item_selected" from="VBoxContainer/ScrollContainer/MarginContainer/VBoxContainer/ViewportGridContainer/VsyncOptionButton" to="VBoxContainer/ScrollContainer/MarginContainer/VBoxContainer/ViewportGridContainer/VsyncOptionButton" method="_on_item_selected"]
[connection signal="item_selected" from="VBoxContainer/ScrollContainer/MarginContainer/VBoxContainer/ViewportGridContainer/TAAOptionButton" to="VBoxContainer/ScrollContainer/MarginContainer/VBoxContainer/ViewportGridContainer/TAAOptionButton" method="_on_item_selected"]
[connection signal="item_selected" from="VBoxContainer/ScrollContainer/MarginContainer/VBoxContainer/ViewportGridContainer/MSAAOptionButton" to="VBoxContainer/ScrollContainer/MarginContainer/VBoxContainer/ViewportGridContainer/MSAAOptionButton" method="_on_item_selected"]
[connection signal="item_selected" from="VBoxContainer/ScrollContainer/MarginContainer/VBoxContainer/ViewportGridContainer/FXAAOptionButton" to="VBoxContainer/ScrollContainer/MarginContainer/VBoxContainer/ViewportGridContainer/FXAAOptionButton" method="_on_item_selected"]
[connection signal="item_selected" from="VBoxContainer/ScrollContainer/MarginContainer/VBoxContainer/QualityGridContainer/ShadowSizeOptionButton" to="VBoxContainer/ScrollContainer/MarginContainer/VBoxContainer/QualityGridContainer/ShadowSizeOptionButton" method="_on_item_selected"]
[connection signal="item_selected" from="VBoxContainer/ScrollContainer/MarginContainer/VBoxContainer/QualityGridContainer/ShadowFilterOptionButton" to="VBoxContainer/ScrollContainer/MarginContainer/VBoxContainer/QualityGridContainer/ShadowFilterOptionButton" method="_on_item_selected"]
[connection signal="item_selected" from="VBoxContainer/ScrollContainer/MarginContainer/VBoxContainer/QualityGridContainer/MeshLODOptionButton" to="VBoxContainer/ScrollContainer/MarginContainer/VBoxContainer/QualityGridContainer/MeshLODOptionButton" method="_on_item_selected"]
[connection signal="item_selected" from="VBoxContainer/ScrollContainer/MarginContainer/VBoxContainer/EnvironmentGridContainer/SDFGIOptionButton" to="VBoxContainer/ScrollContainer/MarginContainer/VBoxContainer/EnvironmentGridContainer/SDFGIOptionButton" method="_on_item_selected"]
[connection signal="item_selected" from="VBoxContainer/ScrollContainer/MarginContainer/VBoxContainer/EnvironmentGridContainer/GlowOptionButton" to="VBoxContainer/ScrollContainer/MarginContainer/VBoxContainer/EnvironmentGridContainer/GlowOptionButton" method="_on_item_selected"]
[connection signal="item_selected" from="VBoxContainer/ScrollContainer/MarginContainer/VBoxContainer/EnvironmentGridContainer/SSAOOptionButton" to="VBoxContainer/ScrollContainer/MarginContainer/VBoxContainer/EnvironmentGridContainer/SSAOOptionButton" method="_on_item_selected"]
[connection signal="item_selected" from="VBoxContainer/ScrollContainer/MarginContainer/VBoxContainer/EnvironmentGridContainer/SSReflectionsOptionButton" to="VBoxContainer/ScrollContainer/MarginContainer/VBoxContainer/EnvironmentGridContainer/SSReflectionsOptionButton" method="_on_item_selected"]
[connection signal="item_selected" from="VBoxContainer/ScrollContainer/MarginContainer/VBoxContainer/EnvironmentGridContainer/SSILOptionButton" to="VBoxContainer/ScrollContainer/MarginContainer/VBoxContainer/EnvironmentGridContainer/SSILOptionButton" method="_on_item_selected"]
[connection signal="item_selected" from="VBoxContainer/ScrollContainer/MarginContainer/VBoxContainer/EnvironmentGridContainer/VolumetricFogOptionButton" to="VBoxContainer/ScrollContainer/MarginContainer/VBoxContainer/EnvironmentGridContainer/VolumetricFogOptionButton" method="_on_item_selected"]
[connection signal="pressed" from="VBoxContainer/MarginContainer/Buttons/Save" to="." method="_on_apply_pressed"]
[connection signal="pressed" from="VBoxContainer/MarginContainer/Buttons/Reset" to="." method="_on_reset_pressed"]
[connection signal="pressed" from="VBoxContainer/MarginContainer/Buttons/Close" to="." method="_on_close_pressed"]
